@Book{geometric.algebra,
ALTauthor = {Leo Dorst, Daniel Fontijne, Stephen Mann},
ALTeditor = {Tim Cox},
title = {Geometric Algebra for Computer Science An Object-oriented Approach to Geometry},
publisher = {Denise E. M. Penrose},
year = {2007}
}

@online{spatial.data,
author = {ESRI},
title = {GIS Dictionary: Spatial Data},
year = {2017},
url = {http://support.esri.com/other-resources/gis-dictionary/term/spatial%20data},
OPTlanguage = {English},
OPTorganization = {MathWorld--A Wolfram Web Resource},
OPTurldate = {2 Januari 2017},
}

@online{circumcircle,
author = {Eric W. Weisstein},
title = {Circumcircle},
year = {2017},
url = {http://mathworld.wolfram.com/Circumcircle.html},
OPTlanguage = {English},
OPTorganization = {MathWorld--A Wolfram Web Resource},
OPTurldate = {2 Januari 2017},
}

@online{perpendicular.bisector,
author = {Eric W. Weisstein},
title = {Perpendicular Bisector},
year = {2017},
url = {http://mathworld.wolfram.com/PerpendicularBisector.html},
OPTlanguage = {English},
OPTorganization = {MathWorld--A Wolfram Web Resource},
OPTurldate = {2 Januari 2017},
}

@online{delaunay.triangulation,
author = {Mathworks},
title = {Delaunay Triangulation: Definition of Delaunay Triangulation},
year = {2017},
url = {https://www.mathworks.com/help/matlab/math/delaunay-triangulation.html?requestedDomain=www.mathworks.com},
OPTlanguage = {English},
OPTurldate = {2 Januari 2017}
}

@Book{cambridge.dictionary,
ALTauthor = {Cambridge University Press},
title = {Cambridge Advanced Learner's Dictionary},
publisher = {Cambridge University Press},
year = {2008},
OPTaddress = {The Edinburgh Building, Cambridge CB2 8RU, UK},
OPTedition = {3}
}

@INPROCEEDINGS{sdt, 
author={J. M. Manasa and S. Bhattacharjee and S. K. Ghosh and S. Mitra}, 
booktitle={2014 9th International Conference on Industrial and Information Systems (ICIIS)}, 
title={Spatial decision tree for accident data analysis}, 
year={2014}, 
pages={1-5}, 
keywords={data analysis;data mining;decision trees;road accidents;India;Kharagpur;Kolkata;NH6;National Highway;accident data analysis;accident dataset;accident management;fatal injuries;spatial decision tree based approach;Accidents;Data analysis;Data mining;Decision trees;Entropy;Injuries;Spatial databases;Accident Data Analysis;Spatial Data Mining;Spatial Decision Tree}, 
doi={10.1109/ICIINFS.2014.7036565}, 
ISSN={2164-7011}, 
month={Dec},}

@online{diagram.voronoi,
author = {Eric W. Weisstein},
title = {Voronoi Diagram},
year = {2017},
url = {http://mathworld.wolfram.com/VoronoiDiagram.html},
OPTlanguage = {English},
OPTorganization = {MathWorld--A Wolfram Web Resource},
OPTurldate = {2 Januari 2017},
}

@online{euclidean.distance,
author = {Elena Deza, Michel Marie Deza},
title = {Encyclopedia of Distances},
year = {2009},
OPTlanguage = {English},
OPTorganization = {Springer}
}

@Book{spatial.tessellations,
ALTauthor = {Atsuyuki Okabe, Barry Boots, Kokichi Sugihara, Sung Nok Chiu},
title = {Spatial Tessellations: Concepts and Applications of Voronoi Diagrams, 2nd Edition},
publisher = {Wiley & Sons, 1992},
year = {2000},
OPTedition = {2},
OPTmonth = {May},
}

@Article{cholera,
author="Eyler, John M.",
title="The changing assessments of John Snow's and William Farr's cholera studies",
journal="Sozial- und Pr{\"a}ventivmedizin",
year="2001",
volume="46",
number="4",
pages="225--232",
abstract="This article describes the epidemiological studies of cholera by two major British investigators of the mid-nineteenth century, John Snow and William Farr, and it asks why the assessments of their results by contemporaries was the reverse of our assessment today. In the 1840s and 1850s Farr's work was considered definitive, while Snow's was regarded as ingenious but flawed. Although Snow's conclusions ran contrary to the exceptations of his contemporaries, the major reservations about his cholera studies concerned his bold use of analogy, his thoroughgoing reductionism, and his willingness to ignore what seemed to be contrary evidence. Farr's electic use of current theories, his reliance multiple causation, and his discovery of a mathematical law to describe the outbreak in London in 1849 was much more convincing to his contemporaries. A major change in thinking about disease causation was needed before Snow's work could be widely accepted. William Farr's later studies contributed to that acceptance.",
issn="1420-911X",
doi="10.1007/BF01593177",
url="http://dx.doi.org/10.1007/BF01593177"
}

@INPROCEEDINGS{robot, 
author={E. J. GÃ³mez and F. M. Santa and F. H. M. Sarmiento}, 
booktitle={2013 II International Congress of Engineering Mechatronics and Automation (CIIMA)}, 
title={A comparative study of geometric path planning methods for a mobile robot: Potential field and voronoi diagrams}, 
year={2013}, 
pages={1-6}, 
keywords={collision avoidance;computational geometry;convergence of numerical methods;mesh generation;mobile robots;robot vision;Delaunay triangulation;Voronoi diagrams;artificial potential field method;autonomous mobile robot;convergence problems;differential drive robots;dummy loads;geometric path planning methods;geometric strategies;local minima;midpoints;mobile navigation;navigation path;nonoptimal paths;optimal path;radar strategy;real-time path-planning algorithms;robot load;robot position;static obstacle avoidance;target position;visual identification;Cameras;Navigation;Path planning;Planning;Robot vision systems;Dummy load;Voronoi diagram;global planning;mobile robot;path planning;potential field method}, 
doi={10.1109/CIIMA.2013.6682776}, 
month={Oct},}

@INPROCEEDINGS{substation, 
author={X. Zhu and W. Tang and Y. Liu and H. Yang and W. Cong and W. Gai}, 
booktitle={2016 IEEE PES Asia-Pacific Power and Energy Engineering Conference (APPEEC)}, 
title={Distribution substation planning method based on weighted Voronoi diagram}, 
year={2016}, 
pages={1898-1902}, 
keywords={computational geometry;integer programming;power distribution planning;substations;alternative location-allocation algorithm;coordinate geometry method;integer programming optimization technique;load distribution;minimum annual cost;planning region terrain features;power network planning;regular Voronoi diagram method;set loop variable;substation capacity;target annual total load;weighted Voronoi diagram;Capacity planning;Circuit faults;Economics;Planning;Power supplies;Substations;power grid planning;substation locating;urban distribution network;weighted Voronoi diagram}, 
doi={10.1109/APPEEC.2016.7779819}, 
month={Oct},}

@INPROCEEDINGS{cartography, 
author={B. Wang and W. Hu and Y. Pu and J. Wang}, 
booktitle={2011 19th International Conference on Geoinformatics}, 
title={The applications of Voronoi diagram in Cartography}, 
year={2011}, 
pages={1-5}, 
keywords={cartography;computational geometry;Voronoi diagram;Voronoi theory;automatic name placement;cartography;map generalization;map information;Color;Data mining;Feature extraction;Image segmentation;Labeling;Remote sensing;Skeleton;Voronoi diagram;automatic labeling;cartography;map analysis;map generalization}, 
doi={10.1109/GeoInformatics.2011.5980875}, 
ISSN={2161-024X}, 
month={June},}

@INPROCEEDINGS{image.clustering, 
author={Z. Zhao and Q. Ma}, 
booktitle={2014 10th International Conference on Natural Computation (ICNC)}, 
title={A novel method for image clustering}, 
year={2014}, 
pages={648-652}, 
keywords={computational geometry;image processing;pattern clustering;visual databases;DBSCAN algorithms;OPTICS algorithms;Voronoi cells;Voronoi diagram;Web-based services;character recognition;data compression;density-based algorithms;grid points;image clustering algorithm;image dataset;information retrieval;irregular grids;k-means algorithm;mobile-based image retrieval;mounting focus;real-world applications;x-means algorithm;Clustering algorithms;Clustering methods;Image retrieval;Measurement;Neural networks;Partitioning algorithms}, 
doi={10.1109/ICNC.2014.6975912}, 
ISSN={2157-9555}, 
month={Aug},}

@INPROCEEDINGS{voronoi.wireless, 
author={Jun Chang and Jiang Yu and Juan Ke and Jingsong Hu}, 
booktitle={2010 International Conference on Information, Networking and Automation (ICINA)}, 
title={Simulation of worst and best-case coverage for wireless sensor network}, 
year={2010}, 
volume={2}, 
pages={V2-291-V2-295}, 
keywords={computational geometry;energy conservation;mesh generation;path planning;telecommunication network reliability;wireless sensor networks;Delaunay triangulation;Voronoi diagram;best-case coverage;coverage control problem;energy-saving communication;path planning;reliable communication;target localization;wireless sensor network;worst-case coverage;WSN;best-case coverage;coverage;maximal breach;maximal support;worst-case coverage}, 
doi={10.1109/ICINA.2010.5636508}, 
ISSN={2162-5476}, 
month={Oct},}

@online{ui,
author = {Universitas Indonesia},
title = {Tentang Universitas Indonesia},
year = {2017},
url = {http://www.ui.ac.id/about-us-2.html},
OPTorganization = {Universitas Indonesia},
OPTdate = {30},
OPTmonth = {January},
}

@online{hotspot.ui,
author = {PPSI},
title = {Hot Spot},
year = {2005},
url = {http://ppsi.ui.ac.id/berita/12121212/0808/hot-spot},
OPTorganization = {Universitas Indonesia},
OPTdate = {30},
OPTmonth = {January},
}

@online{ui.map,
author = {Google},
title = {Google Maps},
year = {2017},
url = {https://www.google.co.id}
}

@Article{hovd,
author="J.-D. Boissonnat, O. Devillers, and M. Teillaud",
title="A semidynamic construction of higher-order Voronoi diagrams and its randomized analysis",
journal="Algorithmica",
year="1993",
number="4",
pages="329--356",
url="http://www.cs.utah.edu/~justin/Wares/HOV_README.html"
}

@online{mahalanobis,
title = {Mahalanobis Distance},
year = {2018},
url = {https://en.wikipedia.org/wiki/Mahalanobis_distance},
OPTorganization = {Wikipedia},
OPTdate = {2},
OPTmonth = {March},
}

@online{open.voronoi,
author = {Anders Wallin},
title = {OpenVoronoi},
year = {2015},
url = {https://github.com/aewallin/openvoronoi},
OPTdate = {12},
OPTmonth = {February},
}

@online{power.voronoi.diagram,
author = {Arlind Nocaj},
title = {Java Power Voronoi Diagram},
year = {2013},
url = {https://github.com/ArlindNocaj/power-voronoi-diagram},
OPTorganization = {University of Konstanz}
}

@online{ui.wiki,
title = {Universitas Indonesia},
year = {2018},
url = {https://id.wikipedia.org/wiki/Universitas_Indonesia},
OPTorganization = {Universitas Indonesia},
OPTdate = {1},
OPTmonth = {April},
}

@online{wifi,
title = {Wi-Fi},
year = {2018},
url = {https://en.wikipedia.org/wiki/Wi-Fi},
OPTdate = {3},
OPTmonth = {April},
}

@Article{voronoi.R,
author="Paul Murrell",
title="Voronoi Treemaps in R",
year="2012",
url="https://www.stat.auckland.ac.nz/~paul/Reports/VoronoiTreemap/voronoiTreeMap.html"
}

@online{voronoi.wiki,
title = {Voronoi Diagram},
year = {2018},
url = {https://en.wikipedia.org/wiki/Voronoi_diagram},
OPTorganization = {Wikipedia},
OPTdate = {15},
OPTmonth = {March},
}

@online{euclidean.wiki,
title = {Euclidean Distance},
year = {2018},
url = {https://en.wikipedia.org/wiki/Euclidean_distance},
OPTorganization = {Wikipedia},
OPTdate = {26},
OPTmonth = {March},
}

@online{arcgis,
author = {ESRI},
title = {About ArcGIS},
year = {2018},
url = {http://www.esri.com/arcgis/about-arcgis},
OPTlanguage = {English},
OPTurldate = {8 April 2018},
}

@online{chebyshev.wiki,
title = {Chebyshev Distance},
year = {2016},
url = {https://en.wikipedia.org/wiki/Chebyshev_distance},
OPTorganization = {Wikipedia},
OPTdate = {14},
OPTmonth = {October},
}